<?xml version="1.0" encoding="UTF-8"?><collection xmlns="http://www.loc.gov/MARC21/slim"><record><leader>00392nam--2200157-i-4500</leader><controlfield tag="001">000006800</controlfield><controlfield tag="002">20161230</controlfield><controlfield tag="005">20170108224938</controlfield><controlfield tag="008">060222s1000------------r-----000-0-eng-d</controlfield><datafield ind1=" " ind2=" " tag="100"><subfield code="a">Aberdam, H</subfield></datafield><datafield ind1=" " ind2=" " tag="245"><subfield code="a">Electronique et radioelectronique</subfield></datafield><datafield ind1=" " ind2=" " tag="260"><subfield code="a">Paris</subfield><subfield code="b">Dunod</subfield><subfield code="c">1963</subfield></datafield><datafield ind1=" " ind2=" " tag="300"><subfield code="a">XXVIII+233 p.+anexe</subfield></datafield><datafield ind1=" " ind2=" " tag="490"><subfield code="a">Aide-memoire Dunod</subfield></datafield><datafield ind1=" " ind2=" " tag="852"><subfield code="a">18149</subfield></datafield><datafield ind1=" " ind2=" " tag="CAT"><subfield code="a">SYS</subfield><subfield code="c">20170108</subfield><subfield code="h">224938</subfield></datafield></record></collection>